@inproceedings{yoon2016talking,
  title={Talking with tact: Polite language as a balance between kindness and informativity},
  author={Yoon, Erica J and Tessler, Michael Henry and Goodman, Noah D and Frank, Michael C},
  booktitle={Proceedings of the 38th annual conference of the cognitive science society},
  pages={2771--2776},
  year={2016},
  organization={Cognitive Science Society}
}
@article{grice1975logic,
  title={Logic and conversation},
  author={Grice, H Paul and Cole, Peter and Morgan, Jerry and others},
  journal={1975},
  pages={41--58},
  year={1975}
}
@article{frank2012predicting,
  title={Predicting pragmatic reasoning in language games},
  author={Frank, Michael C and Goodman, Noah D},
  journal={Science},
  volume={336},
  number={6084},
  pages={998--998},
  year={2012},
  publisher={American Association for the Advancement of Science}
}

@book{brown1987politeness,
  title={Politeness: Some universals in language usage},
  author={Brown, Penelope and Levinson, Stephen C and Levinson, Stephen C},
  volume={4},
  year={1987},
  publisher={Cambridge university press}
}
